@BOOK{Price/Chismisso:2014,
	title = {Knowledge and Reason},
	author = {Price, Carolyn and Chismisso, Cristina},
	publisher = {The Open University},
	year = {2012},
	}

@BOOK{Goldman:2005,
	author = {Goldman, Alvin},
	title = {"knowledge." entry in The Oxford Companion to Philosophy},
	year = {2005},
	publisher = {Oxford University Press},
	url = {http://www.blowinglotsofweirdstuffup.com/guide.html}
}

@online{Goldman:2005a,
    author    = "Donald Knuth",
    title     = "Knuth: Computers and Typesetting",
    url       = "http://www-cs-faculty.stanford.edu/~uno/abcde.html",
    keywords  = "latex,knuth"
}